@online{steamVid,
author = "Jonas Tyroller",
title = "How To Sell More Games on Steam! (Store Page Optimization)",
year = 2021,
url = "https://www.youtube.com/watch?v=ht6xx9en-ZU",
urldate = "13/04/2021"
}